@article{harris2009cloud,
  title={Cloud Computing-an overview},
  author={Harris, Torry},
  journal={Whitepaper, Torry Harris Bussiness Solutins (January 2010)},
  year={2009},
  url={https://www.torryharris.com/downloads/Cloud-Computing-Overview.pdf}
}

@article{ashton2009internet,
  title={That ‘internet of things’ thing},
  author={Ashton, Kevin and others},
  journal={RFID journal},
  volume={22},
  number={7},
  pages={97--114},
  year={2009},
  publisher={Hauppauge, New York}
}

@inproceedings{scott2013sdn,
  title={SDN security: A survey},
  author={Scott-Hayward, Sandra and O'Callaghan, Gemma and Sezer, Sakir},
  booktitle={2013 IEEE SDN For Future Networks and Services (SDN4FNS)},
  pages={1--7},
  year={2013},
  organization={IEEE}
}

@article{hovy1993automated,
  title={Automated discourse generation using discourse structure relations},
  author={Hovy, Eduard H},
  journal={Artificial intelligence},
  volume={63},
  number={1-2},
  pages={341--385},
  year={1993},
  publisher={Elsevier Science Publishers}
}

@book{peterson2007computer,
  title={Computer networks: a systems approach},
  author={Peterson, Larry L and Davie, Bruce S},
  year={2007},
  publisher={Elsevier}
}

@book{NguyenThucHai,
  title={Mạng máy tính và các hệ thống mở},
  author={Nguyễn Thúc Hải},
  year={1999},
  publisher={Nhà xuất bản giáo dục}
}

@inproceedings{poesio2001discourse,
  title={Discourse structure and anaphoric accessibility},
  author={Poesio, Massimo and Di Eugenio, Barbara},
  booktitle={{ESSLLI} workshop on information structure, discourse structure and discourse semantics, Copenhagen, Denmark},
  pages={129--143},
  year={2001}
}

@phdthesis{knott1996data,
  author  = {Knott, Alistair},
  title   = {A data-driven methodology for motivating a set of coherence relations},
  school  = {The University of Edinburgh, {UK}},
  year    = {1996}
}

@misc{BernersTim,
  author = {Berners-Lee, Tim},
  title = {Hypertext Transfer Protocol ({HTTP})},
  url = {ftp:/info.cern.ch/pub/www/doc/http-spec.txt.Z},
  urldate = {2010-09-30}
}


@misc{LectureA,
  author = {{Princeton University}},
  title = {WordNet},
  urldate = {2010-09-30},
   url = {http://www.cogsci.princeton.edu/~wn/index.shtml}
}


